@book{krumke_graphentheoretische_2012,
    location = {Wiesbaden},
    edition = {3. Aufl},
    title = {Graphentheoretische Konzepte und Algorithmen},
    %isbn = {978-3-8348-2264-2},
    pagetotal = {431},
    publisher="Vieweg+Teubner",
    author = {Krumke, Sven Oliver and Noltemeier, Hartmut},
    date = {2012},
    file = {[Leitfaden der Informatik] Sven Oliver Krumke, Hartmut Noltemeier (auth.) - Graphentheoretische Konzepte und Algorithmen (2012, Vieweg+Teubner Verlag).pdf:/home/anton/Dokumente/Zotero/storage/LB375WJI/[Leitfaden der Informatik] Sven Oliver Krumke, Hartmut Noltemeier (auth.) - Graphentheoretische Konzepte und Algorithmen (2012, Vieweg+Teubner Verlag).pdf:application/pdf}
}
@book{tittmann_graphentheorie:_2011,
    location = {München},
    edition = {2., aktualisierte Auflage},
    title = {Graphentheorie},
    subtitle={eine anwendungsorientierte Einführung},
    %isbn = {978-3-446-42789-1},
    pagetotal = {164},
    publisher = {Hanser},
    author = {Tittmann, Peter},
    date = {2011},
    file = {Table of Contents PDF:/home/anton/Dokumente/Zotero/storage/JGQL7T6A/Tittmann - 2011 - Graphentheorie eine anwendungsorientierte Einführ.pdf:application/pdf}
}


@book{diestel_graphentheorie_2006,
    location = {Berlin},
    edition = {3. Auflage},
    title = {Graphentheorie},
    pagetotal = {344},
    publisher = {Springer},
    author = {Diestel, Reinhard},
    date = {2006},
    langid = {german},
    file = {Diestel - 2006 - Graphentheorie.pdf:/home/anton/Dokumente/Zotero/storage/YL4XEQVC/Diestel - 2006 - Graphentheorie.pdf:application/pdf}
}
@book{pfister_drama:_2001,
    location = {München},
    edition = {11. Auflage},
    title = {Das Drama},
    subtitle={Theorie und Analyse},
    shorttitle = {Das Drama},
    pagetotal = {454},
    publisher = {Fink},
    author = {Pfister, Manfred},
    date = {2001},
    file = {Pfister - 1977 - Das Drama Theorie und Analyse.pdf:/home/anton/Dokumente/Zotero/storage/P9MLGUMJ/Pfister - 1977 - Das Drama Theorie und Analyse.pdf:application/pdf;PfisterDramaKap.5.3.pdf:/home/anton/Dokumente/Zotero/storage/SPIGKTLW/PfisterDramaKap.5.3.pdf:application/pdf;Table of Contents PDF:/home/anton/Dokumente/Zotero/storage/UXSMD4FF/Pfister - 2001 - Das Drama Theorie und Analyse.pdf:application/pdf}
}

@book{asmuth_einfuhrung_2016,
    location = {Stuttgart},
    edition = {8. Auflage},
    title = {Einführung in die Dramenanalyse},
    pagetotal = {249},
    publisher = {J.B. Metzler},
    author = {Asmuth, Bernhard},
    date = {2016},
    langid = {german},
    file = {Asmuth - 2016 - Einführung in die Dramenanalyse.pdf:/home/anton/Dokumente/Zotero/storage/P8HU7L7N/Asmuth - 2016 - Einführung in die Dramenanalyse.pdf:application/pdf}
}


@book{cormen_introduction_2009,
    location = {Cambridge, Mass.},
    edition = {3},
    title = {Introduction to Algorithms},
    pagetotal = {1292},
    publisher = {{MIT} Press},
    author = {Cormen, Thomas H. and Leiserson, Charles E. and Rivest, Ronald L. and Stein, Clifford},
    date = {2009},
    langid = {english},
    file = {Cormen - 2009 - Introduction to algorithms.pdf:/home/anton/Dokumente/Zotero/storage/F8LLURRE/Cormen - 2009 - Introduction to algorithms.pdf:application/pdf}
}

@misc{lohr_clrs,
    author={Andrew Lohr and Michelle Bodnar},
    title={CLRS Solutions Set},
    url={https://sites.math.rutgers.edu/~ajl213/CLRS/CLRS.html},
    urldate={2021-01-29},
    %userd={aktualisiert am},
    entrysubtype={magazine}
}


@incollection{jannidis_computergestuetzte_2017,
    title = {Computergestützte Erzähltextforschung},
    pages = {597--612},
    booktitle = {Grundthemen der Literaturwissenschaft: Erzählen},
    location = {Berlin},
    publisher = {De Gruyter},
    author = {Jannidis, Fotis},
    editor = {Huber, Martin and Schmid, Wolf},
    langid = {german},
    date = {2017}
}


@book{meister_computing_2008,
    title = {Computing Action: A Narratological Approach},
    shorttitle = {Computing Action},
    publisher = {De Gruyter},
    author = {Meister, Jan Christoph},
    date = {2008},
    location = {Berlin},
}


@article{marcus_mathematisch-linguistisches_1971,
    title = {Ein mathematisch-linguistisches Dramenmodell},
    volume = {1/2},
    pages = {139--152},
    journaltitle = {Zeitschrift für Literaturwissenschaft und Linguistik},
    author = {Marcus, Solomon},
    date = {1971},
    translator = {Wolfgang Klein},
    editor = {Wolfgang Klein and Helmut Kreuzer},
    issuetitle = {Methodische Perspektiven},
    doi = {}
}


@article{moretti_network_2011,
    title = {Network Theory, Plot Analysis},
    volume = {2},
    url = {https://litlab.stanford.edu/LiteraryLabPamphlet2.pdf},
    journaltitle = {Pamphlets of the Stanford Literary Lab},
    author = {Moretti, Franco},
    date = {2011},
    file = {LiteraryLabPamphlet2.pdf:/home/anton/Dokumente/Zotero/storage/W2QGNVGN/LiteraryLabPamphlet2.pdf:application/pdf},
    urldate={2021-02-10},
}


@incollection{trilcke_social_2013,
    title = {Social Network Analysis ({SNA}) als Methode einer textempirischen Literaturwissenschaft},
    pages = {201--247},
    booktitle = {Empirie in der Literaturwissenschaft},
    location = {Leiden},
    publisher = {{mentis}},
    author = {Trilcke, Peer},
    editor = {Ajouri, Philip and Mellmann, Katja and Rauen, Christoph},
    date = {2013},
}


@inproceedings{trilcke_small_2020,
    title = {Small Worlds, Beat Charts und die Netzwerkanalyse dramatischer Texte},
    booksubtitle = {Internationales {DFG}-Symposium 2017},
    booktitle = {Digitale Literaturwissenschaft},
    author = {Trilcke, Peer},
    editor = {Jannidis, Fotis},
    langid = {german},
    pubstate = {forthcoming}
}


@inproceedings{trilcke_netzwerkdynamik_2017,
    title = {Netzwerkdynamik, Plotanalyse – Zur Visualisierung und Berechnung der ›progressiven Strukturierung‹ literarischer Texte},
    shorttitle={Netzwerkdynamik, Plotanalyse},
    booktitle={{DHd 2017}, \enquote{Digitale Nachhaltigkeit}, Konferenz-Abstracts},
    location={Bern},
    pages = {175--180},
    author = {Trilcke, Peer and Fischer, Frank and Göbel, Mathias and Kampkaspar, Dario and Kittel, Christopher},
    date = {2017},
}


@inproceedings{fischer_network_2017,
    title = {Network Dynamics, Plot Analysis},
    subtitle = {Approaching the Progressive Structuration of Literary Texts},
    booktitle = {{DH} 2017, \enquote{Access, Accès}, Conference Abstracts},
    location = {Montréal},
    author = {Fischer, Frank and Göbel, Matthias and Kampkaspar, Dario and Kittel, Christopher and Trilcke, Peer},
    pages = {437--441},
    date = {2017},
}


@article{prado_temporal_2016,
    title = {Temporal Network Analysis of Literary Texts},
    url = {http://arxiv.org/abs/1602.07275},
    author = {Prado, Sandra D. and Dahmen, Silvio R. and Bazzan, Ana L. C. and Mac Carron, Padraig and Kenna, Ralph},
    urldate = {2021-02-11},
    note={Preprint, eingereicht am 22. Februar 2016}
}

@article{taylor_eigenvector-based_2015,
    title = {Eigenvector-Based Centrality Measures for Temporal Networks},
    url = {http://arxiv.org/abs/1507.01266},
    author = {Taylor, Dane and Myers, Sean A. and Clauset, Aaron and Porter, Mason A. and Mucha, Peter J.},
    urldate = {2021-02-11},
    %date = {2015-07-05},
    note={Preprint, eingereicht am 5. Juli 2015}
}


@inproceedings{fischer_programmable_2019,
    booktitle = {{DH} 2019, \enquote{Complexities}, Conference Abstracts},
    location={Utrecht},
    title = {Programmable Corpora: Introducing {DraCor}, an Infrastructure for the Research on European Drama},
    shorttitle = {Programmable Corpora},
    author = {Fischer, Frank and Börner, Ingo and Göbel, Mathias and Hechtl, Angelika and Kittel, Christopher and Milling, Carsten and Trilcke, Peer},
    date = {2019},
    urldate = {2021-02-24},
    doi          = {10.5281/zenodo.4284002}
}


@article{moretti_operationalizing:_2013,
    title = {\textquote{Operationalizing}: or, the Function of Measurement in Modern Literary Theory},
    volume = {6},
    url = {https://litlab.stanford.edu/LiteraryLabPamphlet6.pdf},
    journaltitle = {Pamphlets of the Stanford Literary Lab},
    author = {Moretti, Franco},
    date = {2013},
    file = {Franco Moretti - 2014 - “Operationalizing” or, the Function of Measuremen.pdf:/home/anton/Dokumente/Zotero/storage/GHUAR99D/Franco Moretti - 2014 - “Operationalizing” or, the Function of Measuremen.pdf:application/pdf},
    urldate={2021-02-24},
}


@article{trilcke_literaturwissenschaft_2018,
    title = {Literaturwissenschaft als Hackathon. Zur Praxeologie der Digital Literary Studies und ihren epistemischen Dingen},
    note = {Sonderband},
    issuetitle = {Wie Digitalität die Geisteswissenschaften verändert: Neue Forschungsgegenstände und Methoden},
    volume = {3},
    journaltitle = {Zeitschrift für digitale Geisteswissenschaften},
    urldate = {2021-02-24},
    doi          = {10.17175/sb003_003},
    author = {Trilcke, Peer and Fischer, Frank},
    editor = {Huber, Martin and Krämer, Sibylle},
    date = {2018},
    langid = {german},
    file = {Trilcke und Fischer - 2018 - Literaturwissenschaft als Hackathon. Zur Praxeolog.pdf:/home/anton/Dokumente/Zotero/storage/8YARB8ZX/Trilcke und Fischer - 2018 - Literaturwissenschaft als Hackathon. Zur Praxeolog.pdf:application/pdf}
}

@incollection{kukkonen_plot_2014,
    author={Kukkonen, Karin},
    editor={Peter Hühn and Jan Christoph Meister and John Pier and Wolf Schmid},
    booktitle = {The Living Handbook of Narratology},
    title={Plot},
    publisher={Universität Hamburg},
    note={Artikel erschienen am 25. Januar 2014, letzte Änderung am 24. März 2014},
    urldate={2021-02-25},
    url={http://www.lhn.uni-hamburg.de/article/plot},
}


@incollection{herman_routledge_2005,
    author={Hilary D. Dannenberg},
    title={Plot},
    location = {London},
    booktitle = {Routledge Encyclopedia of Narrative Theory},
    publisher = {Routledge},
    editor = {Herman, David and Jahn, Manfred and Ryan, Marie-Laure},
    date = {2005},
    pages = {435--439}
}
